@article{Ghia1982,
title	= {High-Re solutions for incompressible flow using the Navier-Stokes equations and a multigrid method},
author	= {U Ghia and K.N Ghia and C.T Shin},
publisher	= {Elsevier Science},
journal	= {Journal of Computational Physics},
issnp	= {0021-9991},
issne	= {1090-2716},
year	= {1982},
volume	= {48},
issue	= {3},
page	= {387--411},
}

@manual{Anupravaha,
	ALTauthor = {Mark A. Finlayson},
	title = {Development of a General Purpose CFD Solver Over a Hybrid Unstructured Grid - Anupravaha Userâ€™s Guide},
	date = {April 2016},
	OPTlanguage = {English},
	organization = {IIT-G},
	pagetotal = {157},
}
