@article{Anderson,
title	= {Computational Fluid Dynamics, basics with applications},
author	= {John D. Anderson},
publisher	= {Elsevier Science},
journal	= {Journal of Computational Physics},
issnp	= {0021-9991},
issne	= {1090-2716},
year	= {1982},
volume	= {48},
issue	= {3},
}


@online{Wiki,
	title = {Rungie Kutta Methods - wikipedia},
	date = {22/09/2018},
	url = {https://en.wikipedia.org/wiki/Runge-Kutta\_methods},
	organization = {wikipedia},
}

